@book{griffiths,
  title =	 "{Introduction to Elementary Particles}",
  author =	 {Griffiths, D.},
  isbn =	 9783527406012,
  series =	 {Physics textbook},
  url =		 {http://books.google.de/books?id=w9Dz56myXm8C},
  year =	 2008,
  publisher =	 {Wiley}
}


@misc{stdmdlparticles,
  author =	 "{Original design by Wikipedia user MissMJ, modified
                  by Crush}",
  title =	 "{Standard Model of Elementary Particles}",
  year =	 2013,
  month =	 "Nov",
  note =	 "{Graphic from Wikipedia article}"
}

@article{pdg,
  title =	 "{Review of Particle Physics}",
  author =	 {Beringer, J. and others},
  collaboration ={Particle Data Group},
  journal =	 {Phys. Rev. D},
  volume =	 86,
  issue =	 1,
  pages =	 010001,
  numpages =	 1528,
  year =	 2012,
  month =	 {Jul},
  doi =		 {10.1103/PhysRevD.86.010001},
  url =		 {http://link.aps.org/doi/10.1103/PhysRevD.86.010001},
  publisher =	 {American Physical Society},
  note =	 {Includes 2013 partial update for 2014 edition}
}

@article{higgspotential,
  title =	 {Eyes on a prize particle},
  author =	 {Luis \'{A}lvarez-Gaum\'{e} and John Ellis},
  journal =	 {Nature Physics},
  volume =	 7,
  issue =	 {2-3},
  year =	 2011,
  doi =		 {10.1038/nphys1874},
  url =
                  {http://www.nature.com/nphys/journal/v7/n1/full/nphys1874.html}
}

@article{higgscls,
  author =	 "Chatrchyan, Serguei and others",
  title =	 "{Observation of a new boson at a mass of 125 GeV
                  with the CMS experiment at the LHC}",
  collaboration ="CMS Collaboration",
  journal =	 "Phys.Lett.",
  volume =	 "B716",
  pages =	 "30-61",
  doi =		 "10.1016/j.physletb.2012.08.021",
  year =	 2012,
  eprint =	 "1207.7235",
  archivePrefix ="arXiv",
  primaryClass = "hep-ex",
  reportNumber = "CMS-HIG-12-028, CERN-PH-EP-2012-220",
  SLACcitation = "%%CITATION = ARXIV:1207.7235;%%",
}

@article{higgsmzz,
  author =	 "Chatrchyan, Serguei and others",
  title =	 "{Study of the Mass and Spin-Parity of the Higgs
                  Boson Candidate Via Its Decays to Z Boson Pairs}",
  collaboration ="CMS Collaboration",
  journal =	 "Phys.Rev.Lett.",
  volume =	 110,
  pages =	 081803,
  doi =		 "10.1103/PhysRevLett.110.081803",
  year =	 2013,
  eprint =	 "1212.6639",
  archivePrefix ="arXiv",
  primaryClass = "hep-ex",
  reportNumber = "CMS-HIG-12-041, CERN-PH-EP-2012-372",
  SLACcitation = "%%CITATION = ARXIV:1212.6639;%%",
}

@article{susyprimer,
  author =	 "Martin, Stephen P.",
  title =	 "{A Supersymmetry primer}",
  year =	 "1997",
  eprint =	 "hep-ph/9709356",
  archivePrefix ="arXiv",
  primaryClass = "hep-ph",
  SLACcitation = "%%CITATION = HEP-PH/9709356;%%",
}

@unpublished{gravlens,
  author =	 "NASA and CXC and M. Weiss",
  title =	 "{Galaxy cluster 1E 0657-56}",
  note =	 "Overlay of an optical and x-ray image with a lensing
                  map",
  year =	 2006,
  month =	 "Aug",
  url =
                  "http://chandra.harvard.edu/photo/2006/1e0657/more.html"
}


@article{protondecay,
  author =	 {{Nishino}, H. and {Clark}, S. and others},
  title =	 "{Search for Proton Decay via
                  $ p \rightarrow e^{+} \pi^{0}$ and
                  $ p \rightarrow \mu^{+} \pi^{0}$ in a Large Water
                  Cherenkov Detector}",
  journal =	 {Physical Review Letters},
  archivePrefix ="arXiv",
  eprint =	 {0903.0676},
  primaryClass = "hep-ex",
  keywords =	 {Leptonic, semileptonic, and radiative decays, Global
                  symmetries, Protons and neutrons, Cherenkov
                  detectors},
  year =	 2009,
  month =	 apr,
  volume =	 102,
  number =	 14,
  eid =		 141801,
  pages =	 141801,
  doi =		 {10.1103/PhysRevLett.102.141801},
  adsurl =	 {http://adsabs.harvard.edu/abs/2009PhRvL.102n1801N},
  adsnote =	 {Provided by the SAO/NASA Astrophysics Data System}
}

@article{b3p6,
  author =	 "Dreiner, Herbi K. and Luhn, Christoph and Thormeier,
                  Marc",
  title =	 "{What is the discrete gauge symmetry of the MSSM?}",
  journal =	 "Phys.Rev.",
  volume =	 "D73",
  pages =	 075007,
  doi =		 "10.1103/PhysRevD.73.075007",
  year =	 2006,
  eprint =	 "hep-ph/0512163",
  archivePrefix ="arXiv",
  primaryClass = "hep-ph",
  SLACcitation = "%%CITATION = HEP-PH/0512163;%%",
}

@article{b3def,
  author =	 "Dreiner, Herbi K. and Luhn, Christoph and Murayama,
                  Hitoshi and Thormeier, Marc",
  title =	 "{Baryon triality and neutrino masses from an
                  anomalous flavor U(1)}",
  journal =	 "Nucl.Phys.",
  volume =	 "B774",
  pages =	 "127-167",
  doi =		 "10.1016/j.nuclphysb.2007.03.028",
  year =	 2007,
  eprint =	 "hep-ph/0610026",
  archivePrefix ="arXiv",
  primaryClass = "hep-ph",
  SLACcitation = "%%CITATION = HEP-PH/0610026;%%",
}

@article{lhcjinst,
  author =       "Evans, Lyndon and Bryant, Philip",
  title =	 "{LHC Machine}",
  journal =	 "{Journal of Instrumentation}",
  volume =	 3,
  number =	 08,
  pages =	 {S08001},
  year =	 2008,
  doi =		 "10.1088/1748-0221/3/08/S08001",
  url =		 {http://stacks.iop.org/1748-0221/3/i=08/a=S08001}
}
  	
@article{cmsjinst,
  author =	 "{The CMS Collaboration}",
  title =	 "{The CMS experiment at the CERN LHC}",
  journal =	 "{Journal of Instrumentation}",
  volume =	 3,
  number =	 08,
  pages =	 "S08004",
  year =	 2008,
  doi            = "10.1088/1748-0221/3/08/S08004",
  url =		 {http://stacks.iop.org/1748-0221/3/i=08/a=S08004}
}
  	
@article{atlasjinst,
  author =	 "{The ATLAS Collaboration}",
  title =	 "{The ATLAS Experiment at the CERN Large Hadron
                  Collider}",
  journal =	 "{Journal of Instrumentation}",
  volume =	 3,
  number =	 08,
  year =	 2008,
  pages =	 {S08003},
  doi =		 "10.1088/1748-0221/3/08/S08003",
  url =		 {http://stacks.iop.org/1748-0221/3/i=08/a=S08003}
}
  	
@article{alicejinst,
  author =	 "{The ALICE Collaboration}",
  title =	 "{The ALICE experiment at the CERN LHC}",
  journal =	 "{Journal of Instrumentation}",
  volume =	 3,
  number =	 08,
  pages =	 {S08002},
  year =	 2008,
  doi =		 "10.1088/1748-0221/3/08/S08002",
  url =		 {http://stacks.iop.org/1748-0221/3/i=08/a=S08002},
}
  	
@article{lhcbjinst,
  author =	 "{The LHCb Collaboration}",
  title =	 "{The LHCb Detector at the LHC}",
  journal =	 "{Journal of Instrumentation}",
  volume =	 3,
  number =	 08,
  pages =	 {S08005},
  year =	 2008,
  doi =		 "10.1088/1748-0221/3/08/S08005",
  url =		 {http://stacks.iop.org/1748-0221/3/i=08/a=S08005}
}

@unpublished{cmslumi,
  author =	 "{The CMS Collaboration}",
  title =	 "{CMS Luminosity - Public Results}",
  note =	 "Retrieved on the 20th of August",
  url =
                  {https://twiki.cern.ch/twiki/bin/view/CMSPublic/LumiPublicResults}
}

@unpublished{injchain,
  author =	 "Lef\`{e}vre, Christiane",
  title =	 "The CERN accelerator complex",
  month =	 "Dec",
  year =	 2008,
  note =	 "Schematic picture of the LHC's injector chain"
}

@book{hcalreso,
  title =	 "{The CMS hadron calorimeter project: Technical
                  Design Report}",
  publisher =	 "CERN",
  address =	 "Geneva",
  series =	 "Technical Design Report CMS",
  year =	 "1997",
  reportNumber = "CERN-LHCC-97-31",
  SLACcitation = "%%CITATION = CERN-LHCC-97-31 ETC.;%%",
}

@article{driftcell,
  author =	 "{The CMS collaboration}",
  title =	 "{The performance of the CMS muon detector in
                  proton-proton collisions at $\sqrt{s} =
                  7\,\text{TeV}$ at the LHC}",
  journal =	 {Journal of Instrumentation},
  volume =	 8,
  number =	 "CMS-MUO-11-001, CERN-PH-EP-2013-072",
  pages =	 {P11002},
  url =		 {http://stacks.iop.org/1748-0221/8/i=11/a=P11002},
  year =	 2013,
  eprint =	 "physics.ins-det/1306.6905",
  archivePrefix ="arXiv",
  primaryClass = "physics.ins-det",
}
	

@article{kalman,
  title =	 "Application of Kalman filtering to track and vertex
                  fitting ",
  journal =	 "Nuclear Instruments and Methods in Physics Research
                  Section A: Accelerators, Spectrometers, Detectors
                  and Associated Equipment ",
  volume =	 262,
  number =	 "2–3",
  pages =	 "444 - 450",
  year =	 1987,
  issn =	 "0168-9002",
  doi =		 "http://dx.doi.org/10.1016/0168-9002(87)90887-4",
  url =
                  {http://www.sciencedirect.com/science/article/pii/0168900287908874},
  author =	 "R. Frühwirth"
}

  	
@article{antikt,
  author =	 {Matteo Cacciari and Gavin P. Salam and Gregory
                  Soyez},
  title =	 "{The anti-$k_\text{T}$ jet clustering algorithm}",
  journal =	 {Journal of High Energy Physics},
  volume =	 2008,
  number =	 04,
  pages =	 063,
  doi =		 "http://dx.doi.org/10.1088/1126-6708/2008/04/063",
  url =		 {http://stacks.iop.org/1126-6708/2008/i=04/a=063},
  year =	 2008
}

@article{elereco,
      author         = "Baffioni, S. and Charlot, C. and Ferri, F. and Futyan, D.
                        and Meridiani, P. and others",
      title          = "{Electron reconstruction in CMS}",
      journal        = "Eur.Phys.J.",
      volume         = "C49",
      pages          = "1099-1116",
      doi            = "10.1140/epjc/s10052-006-0175-5",
      year           = "2007",
      reportNumber   = "CERN-CMS-NOTE-2006-040",
      SLACcitation   = "%%CITATION = EPHJA,C49,1099;%%",
}

@techreport{pflow,
  author =	 "{The CMS Collaboration}",
  title =	 "Particle-Flow Event Reconstruction in CMS and
                  Performance for Jets, Taus, and MET",
  institution =	 "CERN",
  address =	 "2009. Geneva",
  number =	 "CMS-PAS-PFT-09-001",
  month =	 "Apr",
  year =	 2009,
  url =		 {http://cds.cern.ch/record/1194487}
}

@article{rpvimpl,
  author =	 "Barbier, R. and Berat, C. and Besancon, M. and
                  Chemtob, M. and Deandrea, A. and others",
  title =	 "{R-parity violating supersymmetry}",
  journal =	 "Phys.Rept.",
  volume =	 420,
  pages =	 "1-202",
  doi =		 "10.1016/j.physrep.2005.08.006",
  year =	 2005,
  eprint =	 "hep-ph/0406039",
  archivePrefix ="arXiv",
  primaryClass = "hep-ph",
  SLACcitation = "%%CITATION = HEP-PH/0406039;%%",
}

@article{d0rpv,
  title =	 {Search for Resonant Second Generation Slepton
                  Production at the Fermilab Tevatron},
  author =	 {D0 Collaboration},
  journal =	 {Phys. Rev. Lett.},
  volume =	 97,
  issue =	 11,
  pages =	 111801,
  numpages =	 7,
  year =	 2006,
  month =	 {Sep},
  doi =		 {10.1103/PhysRevLett.97.111801},
  publisher =	 {American Physical Society}
}

@MastersThesis{endres,
  author =	 {Matthias Endres},
  title =	 "{Search for Resonant Slepton Production in a DiMuon
                  + Jets Final State with CMS Data}",
  school =	 {RWTH Aachen University},
  month =	 {October},
  year =	 2012
}

@PhdThesis{auter,
  author =	 {Christian Autermann},
  title =	 "{Resonant Second Generation Slepton Production at
                  the Tevatron}",
  school =	 {RWTH Aachen University},
  month =	 {December},
  year =	 2006
}

@article{geant41,
  title =	 "Geant4—a simulation toolkit ",
  journal =	 "Nuclear Instruments and Methods in Physics Research
                  Section A: Accelerators, Spectrometers, Detectors
                  and Associated Equipment",
  volume =	 506,
  number =	 3,
  pages =	 "250 - 303",
  year =	 2003,
  issn =	 "0168-9002",
  doi =		 "http://dx.doi.org/10.1016/S0168-9002(03)01368-8",
  url =
                  "http://www.sciencedirect.com/science/article/pii/S0168900203013688",
  author =	 "S. Agostinelli and others",
}

@article{geant42,
  author =	 {Allison, J. and others},
  journal =	 {Nuclear Science, IEEE Transactions on},
  title =	 {Geant4 developments and applications},
  year =	 2006,
  volume =	 53,
  number =	 1,
  pages =	 {270-278},
  doi =		 {10.1109/TNS.2006.869826},
  ISSN =	 {0018-9499}
}

@manual{cmssw,
  author =	 "{The CMS Collaboration}",
  title =	 "{CMSSW Application Frameework}",
  url =		 "https://twiki.cern.ch/twiki/bin/view/CMSPublic/WorkBookCMSSWFramework",
  year =	 2012,
  note =	 "{TWiki website}"
}

@article{root,
  author =	 "Rene Brun and Fons Rademakers",
  title =	 "{ROOT - An Object Oriented Data Analysis Framework}",
  journal =	 "Nucl. Inst. \& Meth. in Phys. Res.",
  volume =	 389,
  year =	 1997,
  pages =	 "81-86",
  url =		 "http://root.cern.ch/"
}

@misc{findsusyb3,
  author =	 "Weber, Martin and Radziej, Markus",
  title =	 "findsusyb3 - Aachen 3A Baryon Triality Supersymmetry
                  searches",
  year =	 2013,
  note =	 "{TWiki Website}",
  url =
                  "https://twiki.cern.ch/twiki/bin/view/CMS/Aachen3ARPV"
}

@misc{acsusyana,
  author =	 "Carsten Magass and others",
  title =	 "Aachen 3A SUSY Analysis",
  year =	 2011,
  note =	 "{TWiki Website}",
  url =
                  "https://twiki.cern.ch/twiki/bin/viewauth/CMS/Aachen3ASusy"
}

@misc{xsec,
  author =	 "Piergiulio Lenzi and Sanjay Padhi and Guillelmo
                  Gomez Ceballos Retuerto and Frank Wuerthwein ",
  title =	 "{Standard Model Cross Sections for CMS at 8 TeV}",
  year =	 2013,
  month =	 "Sep",
  note =	 "{TWiki Website}",
  url =
                  "https://twiki.cern.ch/twiki/bin/viewauth/CMS/StandardModelCrossSectionsat8TeV"
}

@article{topxsec,
  author =	 "Kidonakis, Nikolaos",
  title =	 "{Differential and total cross sections for top pair
                  and single top production}",
  pages =	 "831-834",
  doi =		 "10.3204/DESY-PROC-2012-02/251",
  year =	 "2012",
  eprint =	 "1205.3453",
  archivePrefix ="arXiv",
  primaryClass = "hep-ph",
  SLACcitation = "%%CITATION = ARXIV:1205.3453;%%",
}

@article{madgraph5,
  author =	 "Alwall, Johan and Herquet, Michel and Maltoni, Fabio
                  and Mattelaer, Olivier and Stelzer, Tim",
  title =	 "{MadGraph 5 : Going Beyond}",
  journal =	 "JHEP",
  volume =	 1106,
  pages =	 128,
  doi =		 "10.1007/JHEP06(2011)128",
  year =	 2011,
  eprint =	 "1106.0522",
  archivePrefix ="arXiv",
  primaryClass = "hep-ph",
  reportNumber = "FERMILAB-PUB-11-448-T",
  SLACcitation = "%%CITATION = ARXIV:1106.0522;%%",
}

@article{pythia6,
  author =	 {Torbjörn Sjöstrand and Stephen Mrenna and Peter
                  Skands},
  title =	 "{PYTHIA 6.4 physics and manual}",
  journal =	 {Journal of High Energy Physics},
  volume =	 2006,
  number =	 05,
  pages =	 026,
  url =		 {http://stacks.iop.org/1126-6708/2006/i=05/a=026},
  year =	 2006
}

@article{powhegst,
  author =	 "Re, Emanuele",
  title =	 "{Single-top Wt-channel production matched with
                  parton showers using the POWHEG method}",
  journal =	 "Eur.Phys.J.",
  volume =	 "C71",
  pages =	 1547,
  doi =		 "10.1140/epjc/s10052-011-1547-z",
  year =	 2011,
  eprint =	 "1009.2450",
  archivePrefix ="arXiv",
  primaryClass = "hep-ph",
  reportNumber = "IPPP-10-74, DCPT-10-148",
  SLACcitation = "%%CITATION = ARXIV:1009.2450;%%",
}

@article{powhegtt,
  author =	 "Alioli, Simone and Nason, Paolo and Oleari, Carlo
                  and Re, Emanuele",
  title =	 "{NLO single-top production matched with shower in
                  POWHEG: s- and t-channel contributions}",
  journal =	 "JHEP",
  volume =	 0909,
  pages =	 111,
  doi =		 "10.1007/JHEP02(2010)011,
                  10.1088/1126-6708/2009/09/111",
  year =	 2009,
  eprint =	 "0907.4076",
  archivePrefix ="arXiv",
  primaryClass = "hep-ph",
  SLACcitation = "%%CITATION = ARXIV:0907.4076;%%",
}

@article{powheg,
  author =	 "Frixione, Stefano and Nason, Paolo and Oleari,
                  Carlo",
  title =	 "{Matching NLO QCD computations with Parton Shower
                  simulations: the POWHEG method}",
  journal =	 "JHEP",
  volume =	 0711,
  pages =	 070,
  doi =		 "10.1088/1126-6708/2007/11/070",
  year =	 2007,
  eprint =	 "0709.2092",
  archivePrefix ="arXiv",
  primaryClass = "hep-ph",
  reportNumber = "BICOCCA-FT-07-9, GEF-TH-21-2007",
  SLACcitation = "%%CITATION = ARXIV:0709.2092;%%",
}

@misc{sonnegueth,
  author =	 "Gueth, Andreas and Sonnenschein, Lars",
  title =	 "{Private Communications}",
  year =	 2013
}

@article{susyxstool,
  title =	 "{Supersymmetric NLO QCD corrections to resonant
                  slepton production and signals at the Fermilab
                  Tevatron and the CERN LHC}",
  author =	 {Dreiner, H. K. and Grab, S. and Kr\"amer, M. and
                  Trenkel, M. K.},
  journal =	 {Phys. Rev. D},
  volume =	 75,
  issue =	 3,
  pages =	 035003,
  numpages =	 14,
  year =	 2007,
  month =	 {Feb},
  doi =		 {10.1103/PhysRevD.75.035003},
  url =		 {http://link.aps.org/doi/10.1103/PhysRevD.75.035003},
  publisher =	 {American Physical Society}
}

@misc{pileup,
  author =	 "Hildreth, Michael",
  title =	 "{Utilities for Accessing Pileup Information for
                  Data}",
  year =	 2013,
  month =	 "Sep",
  note =	 "{TWiki Website}",
  url =
                  "https://twiki.cern.ch/twiki/bin/viewauth/CMS/PileupJSONFileforData"
}

@misc{pileupmc,
  author =	 "Hildreth, Michael",
  title =	 "{Pileup Scenarios}",
  year =	 2013,
  month =	 "Sep",
  note =	 "{TWiki Website}",
  url =
                  "https://twiki.cern.ch/twiki/bin/view/CMS/Pileup_MC_Gen_Scenarios"
}

@misc{jer,
  author =	 "Stadie, Hartmut and Pandolfi, Francesco",
  title =	 "{Jet Energy Resolution Measurement}",
  year =	 2013,
  month =	 "Sep",
  note =	 "{TWiki Website}",
  url =
                  "https://twiki.cern.ch/twiki/bin/view/CMS/JetResolution"
}

@misc{muonpog,
  author =	 "{Muon POG}",
  title =	 "{Baseline muon selections}",
  year =	 2013,
  month =	 "Sep",
  note =	 "{TWiki Website}",
  url =
                  "https://twiki.cern.ch/twiki/bin/view/CMSPublic/SWGuideMuonId"
}

@article{muonidcosmic,
  author =	 "M. Mulders and I. Bloch and E. James and A. Everett
                  and D. Barge and C. Campagnari and P. Kalavase and
                  V. Krutelyov and D. Kovalskyi and J. Ribnik and N.
                  Amapane",
  title =	 "{Muon Identification in CMS}",
  journal =	 "{CMS Analysis Notes}",
  year =	 2008,
  month =	 "Nov",
  url =
                  "http://cms.cern.ch/iCMS/jsp/openfile.jsp?tp=draft&files=AN2008_098_v1.pdf"
}

@techreport{muonid1,
  author =	 "{Muon POG}",
  title =	 "{Performance of muon identification in pp collisions
                  at $\sqrt{s} = 7\,\text{TeV}$}",
  institution =	 "CERN",
  address =	 "2010. Geneva",
  number =	 "CMS-PAS-MUO-10-002",
  year =	 2010
}

@article{muonid2,
  author =	 "Chatrchyan, Serguei and Khachatryan, Vardan and
                  Sirunyan and others",
  title =	 "{Performance of CMS muon reconstruction in pp
                  collision events at $\sqrt{s} = 7\,\text{TeV}$}",
  journal =	 {Journal of Instrumentation},
  collaboration ="CMS Collaboration",
  number =	 "CMS-MUO-10-004, CERN-PH-EP-2012-173",
  eprint =	 {1206.4071},
  year =	 2012,
  month =	 "Oct",
  volume =	 7,
  pages =	 {2P},
  doi =		 {10.1088/1748-0221/7/10/P10002},
}

@misc{muonptscale,
  author =	 "Tucker, Jordan",
  title =	 "{Muon momentum resolution using cosmic muons –
                  update}",
  year =	 2012,
  month =	 "Apr",
  note =	 "Presentation in a Muon POG Meeting",
  url =
                  "https://indico.cern.ch/getFile.py/access?contribId=0&resId=1&materialId=slides&confId=184964"
}


@misc{jmepog,
  author =	 "{JME POG}",
  title =	 "{JetMET Physics Object Group (JME POG)}",
  year =	 2013,
  month =	 "Sep",
  note =	 "{TWiki Webiste}",
  url =		 "https://twiki.cern.ch/twiki/bin/view/CMS/JetMET"
}

@misc{jetid,
  author =	 "{A. Harel and P. Schieferdecker}",
  title =	 "{Jet Identification}",
  year =	 2013,
  month =	 "Sep",
  note =	 "{TWiki Website}",
  url =		 "https://twiki.cern.ch/twiki/bin/viewauth/CMS/JetID"
}

@techreport{jetidpf,
  author =	 "N. Saoulidou",
  title =	 "{Particle Flow Jet Identification Criteria}",
  institution =	 "CERN",
  note =	 "CMS Note AN-2010/003",
  year =	 2010
}

@misc{egammaid,
  author =	 "{Egamma POG}",
  title =	 "{Cut Based Electron ID}",
  year =	 2013,
  month =	 "Sep",
  note =	 "{TWiki Website}",
  url =
                  "https://twiki.cern.ch/twiki/bin/view/CMS/EgammaCutBasedIdentification"
}

@misc{jmefilters,
  author =	 "Kenichi Hatakeyama and Artur Apresyan",
  institution =	 "{JME POG}",
  year =	 2012,
  month =	 "Aug",
  note =	 "Approval Talk",
  url =
                  "https://indico.cern.ch/getFile.py/access?subContId=1&contribId=4&resId=0&materialId=slides&confId=172431"
}

@techreport{muondbeta,
  author =	 "{Muon POG}",
  title =	 "{Commissioning of the Particle-Flow reconstruction in
                  Minimum-Bias and Jet Events from pp Collisions at 7
                  TeV}",
  institution =	 "CERN",
  address =	 "Geneva",
  number =	 "CMS-PAS-PFT-10-002",
  year =	 2010,
}

@misc{teyssier,
  author =	 "Teyssier, Daniel F.",
  title =	 "{Private Communications}",
  year =	 2014
}


@misc{trigeff,
  author =	 "Piet Verwilligen",
  title =	 "{Double Muon Trigger - ReReco Results}",
  year =	 2013,
  month =	 "Jun",
  note =	 "{Moun POG Working Meeting}",
  url =
                  "https://indico.cern.ch/getFile.py/access?contribId=1&resId=0&materialId=slides&confId=259309"
}

@techreport{csvbtag,
  author =	 "Weiser, Christian",
  title =	 "{A Combined Secondary Vertex Based B-Tagging
                  Algorithm in CMS}",
  institution =	 "CERN",
  address =	 "Geneva",
  number =	 "CMS-NOTE-2006-014",
  month =	 "Jan",
  year =	 2006,
  url =		 "http://cds.cern.ch/record/927399"
}

@techreport{kalmanvtx,
  author =	 "Speer, Thomas and others",
  title =	 "{Vertex Fitting in the CMS Tracker}",
  institution =	 "CERN",
  address =	 "Geneva",
  number =	 "CMS-NOTE-2006-032",
  month =	 "Feb",
  year =	 2006,
  url =		 "http://cds.cern.ch/record/927395/"
}

@misc{btagtwiki,
  author =	 "{BTV POG}",
  title =	 "{b Tag \& Vertexing Physics Object Group}",
  year =	 2013,
  month =	 "Oct",
  note =	 "TWiki Website",
  url =
                  "https://twiki.cern.ch/twiki/bin/viewauth/CMS/BtagPOG"
}

@misc{btagworkp,
  author =	 "Komaragiri, Jyothsna Rani and Bazterra, Victor",
  title =	 "{Operating Points for b-tagging Algorithms}",
  year =	 2013,
  month =	 "Oct",
  note =	 "TWiki Website",
  url =
                  "https://twiki.cern.ch/twiki/bin/viewauth/CMS/BTagPerformanceOP"
}

@misc{jetflavtool,
  author =	 " Speer, Thomas",
  title =	 "{Jet Flavour identification (MC truth)}",
  year =	 2013,
  month =	 "Oct",
  note =	 "TWiki Website",
  url =
                  "https://twiki.cern.ch/twiki/bin/view/CMSPublic/SWGuideBTagMCTools"
}

@misc{btageff,
  author =	 "Heintz, Ulrich and Narain, Meenakshi and Segala,
                  Michael",
  title =	 "{Jet-by-jet updating of the b-tagging status}",
  year =	 2013,
  month =	 "Oct",
  note =	 "Method 2a)",
  url =
                  "https://twiki.cern.ch/twiki/bin/view/CMS/BTagSFMethods"
}

@misc{jes,
  author =	 "Stadie, Hartmut and Voutilainen, Mikko and
                  Kirschenmann, Henning",
  title =	 "{Jet energy scale uncertainty sources}",
  year =	 2013,
  month =	 "Oct",
  note =	 "TWiki Website",
  url =
                  "https://twiki.cern.ch/twiki/bin/view/CMS/JECUncertaintySources"
}

@misc{muonideff,
  author =	 "Albajar, Carmen and Josa, Isabel",
  title =	 "{Muon ID and Iso efficiencies (2012 - 53x rereco)}",
  year =	 2013,
  month =	 "Jul",
  note =	 "{Muon POG Meeting}",
  url =
                  "https://indico.cern.ch/getFile.py/access?contribId=1&resId=2&materialId=slides&confId=257630"
}

@techreport{lumisys,
      title         = "{CMS Luminosity Based on Pixel Cluster Counting - Summer
                       2013 Update}",
      institution   = "CERN",
      collaboration = "CMS Collaboration",
      address       = "Geneva",
      number        = "CMS-PAS-LUM-13-001",
      year          = "2013",
}

@misc{pileupsys,
  author =	 "Hildreth, Micheal",
  title =	 "{Estimating Systematic Errors Due to Pileup
                  Modeling}",
  year =	 2013,
  month =	 "Nov",
  note =	 "TWiki Website",
  url =
                  "https://twiki.cern.ch/twiki/bin/view/CMS/PileupSystematicErrors"
}

@article{pdfforlhc,
  author =	 "Martin, A.D. and Stirling, W.J. and Thorne, R.S. and
                  Watt, G.",
  title =	 "{Parton distributions for the LHC}",
  journal =	 "Eur.Phys.J.",
  volume =	 "C63",
  pages =	 "189-285",
  doi =		 "10.1140/epjc/s10052-009-1072-5",
  year =	 2009,
  eprint =	 "0901.0002",
  archivePrefix ="arXiv",
  primaryClass = "hep-ph",
  reportNumber = "IPPP-08-95, DCPT-08-190, CAVENDISH-HEP-08-16",
  SLACcitation = "%%CITATION = ARXIV:0901.0002;%%",
}

@article{ct10,
  author =	 "Lai, Hung-Liang and Guzzi, Marco and Huston, Joey
                  and Li, Zhao and Nadolsky, Pavel M. and others",
  title =	 "{New parton distributions for collider physics}",
  journal =	 "Phys.Rev.",
  volume =	 "D82",
  pages =	 074024,
  doi =		 "10.1103/PhysRevD.82.074024",
  year =	 2010,
  eprint =	 "1007.2241",
  archivePrefix ="arXiv",
  primaryClass = "hep-ph",
  reportNumber = "MSUHEP-100707, SMU-HEP-10-10",
  SLACcitation = "%%CITATION = ARXIV:1007.2241;%%",
}

@article{mstw2008,
      author         = "Martin, A.D. and Stirling, W.J. and Thorne, R.S. and
                        Watt, G.",
      title          = "{Heavy-quark mass dependence in global PDF analyses and
                        3- and 4-flavour parton distributions}",
      journal        = "Eur.Phys.J.",
      volume         = "C70",
      pages          = "51-72",
      doi            = "10.1140/epjc/s10052-010-1462-8",
      year           = "2010",
      eprint         = "1007.2624",
      archivePrefix  = "arXiv",
      primaryClass   = "hep-ph",
      reportNumber   = "IPPP-10-29, DCPT-10-58, CAVENDISH-HEP-10-07,
                        CERN-PH-TH-2010-160",
      SLACcitation   = "%%CITATION = ARXIV:1007.2624;%%",
}

@article{mstw2008as,
  author =	 "Martin, A.D. and Stirling, W.J. and Thorne, R.S. and
                  Watt, G.",
  title =	 "{Uncertainties on alpha(S) in global PDF analyses
                  and implications for predicted hadronic cross
                  sections}",
  journal =	 "Eur.Phys.J.",
  volume =	 "C64",
  pages =	 "653-680",
  doi =		 "10.1140/epjc/s10052-009-1164-2",
  year =	 2009,
  eprint =	 "0905.3531",
  archivePrefix ="arXiv",
  primaryClass = "hep-ph",
  reportNumber = "IPPP-09-33, DCPT-09-66, CAVENDISH-HEP-09-06",
  SLACcitation = "%%CITATION = ARXIV:0905.3531;%%",
}

@article{nnpdf23,
  author =	 "Ball, Richard D. and others",
  title =	 "{Unbiased global determination of parton
                  distributions and their uncertainties at NNLO and at
                  LO}",
  collaboration ="NNPDF Collaboration",
  journal =	 "Nucl.Phys.",
  volume =	 "B855",
  pages =	 "153-221",
  doi =		 "10.1016/j.nuclphysb.2011.09.024",
  year =	 2012,
  eprint =	 "1107.2652",
  archivePrefix ="arXiv",
  primaryClass = "hep-ph",
  reportNumber = "EDINBURGH-2011-14, IFUM-979-FT, FR-PHENO-2011-010,
                  RWTH-TTK-11-24",
  SLACcitation = "%%CITATION = ARXIV:1107.2652;%%",
}

@article{nnpdf23as,
  author =	 "Lionetti, Simone and Ball, Richard D. and Bertone,
                  Valerio and Cerutti, Francesco and Del Debbio, Luigi
                  and others",
  title =	 "{Precision determination of $\alpha_s$ using an
                  unbiased global NLO parton set}",
  journal =	 "Phys.Lett.",
  volume =	 "B701",
  pages =	 "346-352",
  doi =		 "10.1016/j.physletb.2011.05.071",
  year =	 2011,
  eprint =	 "1103.2369",
  archivePrefix ="arXiv",
  primaryClass = "hep-ph",
  reportNumber = "IFUM-974-FT, EDINBURGH-2011-11, FR-PHENO-2011-005,
                  TTK-11-07",
  SLACcitation = "%%CITATION = ARXIV:1103.2369;%%",
}

@misc{pdf4lhcpractical,
  author =	 "Vicini, Alessandro",
  title =	 "{Practical implementation of the PDF4LHC recipe}",
  url =
                  "http://www.hep.ucl.ac.uk/pdf4lhc/PDF4LHC_practical_guide.pdf"
}

@misc{pdf4lhcrecom,
  author =	 "{PDF4LHC Working Group}",
  title =	 "{PDF4LHC Recommendations}",
  url =		 "http://www.hep.ucl.ac.uk/pdf4lhc/PDF4LHCrecom.pdf"
}

@article{cteq6l1,
  author =	 "Pumplin, J. and Stump, D.R. and Huston, J. and Lai,
                  H.L. and Nadolsky, Pavel M. and others",
  title =	 "{New generation of parton distributions with
                  uncertainties from global QCD analysis}",
  journal =	 "JHEP",
  volume =	 0207,
  pages =	 012,
  year =	 2002,
  eprint =	 "hep-ph/0201195",
  archivePrefix ="arXiv",
  primaryClass = "hep-ph",
  reportNumber = "MSU-HEP-011101",
  SLACcitation = "%%CITATION = HEP-PH/0201195;%%",
}


@article{calchep,
  author =	 "Belyaev, Alexander and Christensen, Neil D. and
                  Pukhov, Alexander",
  title =	 "{CalcHEP 3.4 for collider physics within and beyond
                  the Standard Model}",
  journal =	 "Comput.Phys.Commun.",
  volume =	 184,
  pages =	 "1729-1769",
  doi =		 "10.1016/j.cpc.2013.01.014",
  year =	 2013,
  eprint =	 "1207.6082",
  archivePrefix ="arXiv",
  primaryClass = "hep-ph",
  reportNumber = "PITT-PACC-1209",
  SLACcitation = "%%CITATION = ARXIV:1207.6082;%%",
}

@article{softsusy,
  author =	 "Allanach, B.C.",
  title =	 "{SOFTSUSY: a program for calculating supersymmetric
                  spectra}",
  journal =	 "Comput.Phys.Commun.",
  volume =	 143,
  pages =	 "305-331",
  doi =		 "10.1016/S0010-4655(01)00460-X",
  year =	 2002,
  eprint =	 "hep-ph/0104145",
  archivePrefix ="arXiv",
  primaryClass = "hep-ph",
  reportNumber = "CERN-TH-2001-102",
  SLACcitation = "%%CITATION = HEP-PH/0104145;%%",
}

@article{hepmdb,
  author =	 "Bondarenko, M. and Belyaev, A. and Basso, L. and
                  Boos, E. and Bunichev, V. and others",
  title =	 "{High Energy Physics Model Database : Towards
                  decoding of the underlying theory (within Les
                  Houches 2011: Physics at TeV Colliders New Physics
                  Working Group Report)}",
  url =		 {https://hepmdb.soton.ac.uk},
  year =	 "2012",
  eprint =	 "1203.1488",
  archivePrefix ="arXiv",
  primaryClass = "hep-ph",
}

@article{cls,
  author =	 "Read, A. L.",
  title =	 "{Modified frequentist analysis of search results
                  (the $CL_{s}$ method)}",
  journal =	 "1st Workshop on Confidence Limits, CERN, Geneva",
  number =	 "CERN-OPEN-2000-205j",
  year =	 2000,
  institution =	 "CERN",
  address =	 "Geneva, Switzerland",
  month =	 "Jan",
  pages =	 "81-101"
}

@article{cls2,
  author =	 {A. L. Read},
  title =	 {Presentation of search results: the CL s technique},
  journal =	 {Journal of Physics G: Nuclear and Particle Physics},
  volume =	 28,
  number =	 10,
  pages =	 2693,
  url =		 {http://stacks.iop.org/0954-3899/28/i=10/a=313},
  year =	 2002
}

@techreport{clsmod,
  title =	 "{Procedure for the LHC Higgs boson search
                  combination in Summer 2011}",
  institution =	 "CERN",
  collaboration ="The ATLAS Collaboration, The CMS Collaboration, The
                  LHC Higgs Combination Group",
  address =	 "Geneva",
  number =	 "CMS-NOTE-2011-005. ATL-PHYS-PUB-2011-11",
  month =	 "Aug",
  year =	 "2011",
}

@techreport{roostats,
  author =	 "Cranmer, Kyle and Lewis, George and Moneta, Lorenzo
                  and Shibata, Akira and Verkerke, Wouter",
  title =	 "{HistFactory: A tool for creating statistical models
                  for use with RooFit and RooStats}",
  institution =	 "New York U.",
  collaboration ="ROOT Collaboration",
  address =	 "New York",
  number =	 "CERN-OPEN-2012-016",
  month =	 "Jan",
  year =	 2012,
}

@misc{higgscombine,
  author =	 "Petrucciani, Giovanni",
  title =	 "{Documentation of the RooStats-based statistics
                  tools for Higgs PAG}",
  month =	 "Nov",
  year =	 2013,
  note =	 "TWiki Website",
  url =
                  "https://twiki.cern.ch/twiki/bin/viewauth/CMS/SWGuideHiggsAnalysisCombinedLimit"
}
